@article{lipton_mythos_2018,
  author  = {Lipton, Zachary C.},
  title   = {The Mythos of Model Interpretability},
  journal = {Communications of the ACM},
  volume  = {61},
  number  = {10},
  pages   = {36--43},
  year    = {2018},
  month   = sep,
  doi     = {10.1145/3233231},
  url     = {https://dl.acm.org/doi/10.1145/3233231}
}

@inproceedings{IG_axiom,
  author    = {Sundararajan, Mukund and Taly, Ankur and Yan, Qiqi},
  title     = {Axiomatic Attribution for Deep Networks},
  booktitle = {Proceedings of the 34th International Conference on Machine Learning},
  series    = {PMLR},
  volume    = {70},
  pages     = {3319--3328},
  year      = {2017},
  month     = aug
}

@article{Peeking_inside_the_black_box,
  author  = {Adadi, Amina and Berrada, Mohammed},
  title   = {Peeking Inside the Black-Box: A Survey on Explainable Artificial Intelligence (XAI)},
  journal = {IEEE Access},
  volume  = {6},
  pages   = {52138--52160},
  year    = {2018},
  doi     = {10.1109/ACCESS.2018.2870052}
}

@article{miller2017explanation,
  author  = {Miller, Tim},
  title   = {Explanation in Artificial Intelligence: Insights from the Social Sciences},
  journal = {arXiv preprint arXiv:1706.07269},
  year    = {2017},
  url     = {https://arxiv.org/abs/1706.07269}
}

@inproceedings{ribeiro2016lime,
  author    = {Ribeiro, Marco Tulio and Singh, Sameer and Guestrin, Carlos},
  title     = {{``Why Should I Trust You?'': Explaining the Predictions of Any Classifier}},
  booktitle = {Proceedings of the 22nd ACM SIGKDD International Conference on Knowledge Discovery and Data Mining},
  pages     = {1135--1144},
  year      = {2016},
  doi       = {10.1145/2939672.2939778}
}

@article{bach2015lrp,
  author  = {Bach, Sebastian and Binder, Alexander and Montavon, Gr{\'e}goire and Klauschen, Frederick and M{\"u}ller, Klaus-Robert and Samek, Wojciech},
  title   = {On Pixel-Wise Explanations for Non-Linear Classifier Decisions by Layer-Wise Relevance Propagation},
  journal = {PLOS ONE},
  volume  = {10},
  number  = {7},
  pages   = {e0130140},
  year    = {2015},
  doi     = {10.1371/journal.pone.0130140}
}

@inproceedings{shrikumar2017deeplift,
  author    = {Shrikumar, Avanti and Greenside, Peyton and Kundaje, Anshul},
  title     = {Learning Important Features Through Propagating Activation Differences},
  booktitle = {Proceedings of the 34th International Conference on Machine Learning},
  series    = {PMLR},
  volume    = {70},
  pages     = {3145--3153},
  year      = {2017}
}

@inproceedings{lundberg2017shap,
  author    = {Lundberg, Scott M. and Lee, Su-In},
  title     = {A Unified Approach to Interpreting Model Predictions},
  booktitle = {Advances in Neural Information Processing Systems 30},
  pages     = {4765--4774},
  year      = {2017}
}
